@book{1,
  title={Measure, Integration \& Real Analysis},
  author={Axler, S.},
  isbn={9783030331429},
  series={Graduate Texts in Mathematics},
  url={https://books.google.com/books?id=8hCDyQEACAAJ},
  year={2019},
  publisher={Springer International Publishing}
}

@book{2,
  title={Real and Complex Analysis},
  author={Rudin, W.},
  isbn={9780070542341},
  lccn={86000007},
  series={Higher Mathematics Series},
  url={https://books.google.com/books?id=Z\_fuAAAAMAAJ},
  year={1987},
  publisher={McGraw-Hill Education}
}

@MISC {3,
    TITLE = {What are the ways of proving that the Cantor set is uncountable apart from Cantor diagonalization?},
    AUTHOR = {GEdgar (\url{https://math.stackexchange.com/users/442/gedgar})},
    HOWPUBLISHED = {Mathematics Stack Exchange},
    NOTE = {\url{https://math.stackexchange.com/q/250762} (version: 2012-12-04)},
    EPRINT = {\url{https://math.stackexchange.com/q/250762}},
    URL = {\url{https://math.stackexchange.com/q/250762}}
}

@book{4,
  title={General Integration and Measure},
  author={Weir, A.J. and Weir, A.J.},
  isbn={9780521204071},
  lccn={73091720},
  series={Integration and measure},
  url={\url{https://books.google.com/books?id=P\_43AAAAIAAJ}},
  year={1974},
  publisher={Cambridge University Press}
}